@INPROCEEDINGS {NZLZK23Meta,
author = {N. Nahar and H. Zhang and G. Lewis and S. Zhou and C. K\"{a}stner},
booktitle = {2023 IEEE/ACM 2nd International Conference on AI Engineering – Software Engineering for AI (CAIN)},
title = {A Meta-Summary of Challenges in Building Products with {ML} Components – Collecting Experiences from 4758+ Practitioners},
year = {2023},
volume = {},
issn = {},
pages = {171-183},
keywords = {surveys;industries;systematics;buildings;education;machine learning;software},
doi = {10.1109/CAIN58948.2023.00034},
url = {https://doi.ieeecomputersociety.org/10.1109/CAIN58948.2023.00034},
publisher = {IEEE Computer Society},
address = {Los Alamitos, CA, USA},
month = {may}
}

@inproceedings{CKBVEL24SOLID,
author = {Cabral, Raphael and Kalinowski, Marcos and Baldassarre, Maria Teresa and Villamizar, Hugo and Escovedo, Tatiana and Lopes, H\'{e}lio},
title = {Investigating the Impact of {SOLID} Design Principles on Machine Learning Code Understanding},
year = {2024},
isbn = {9798400705915},
publisher = {Association for Computing Machinery},
address = {New York, NY, USA},
url = {https://doi.org/10.1145/3644815.3644957},
doi = {10.1145/3644815.3644957},
booktitle = {Proceedings of the IEEE/ACM 3rd International Conference on AI Engineering - Software Engineering for AI},
pages = {7–17},
numpages = {11},
keywords = {SOLID design principles, machine learning, code understanding},
location = {Lisbon, Portugal},
series = {CAIN '24}
}

@book{huntPragmaticProgrammerJourneyman2000a,
  title = {The Pragmatic Programmer: From Journeyman to Master},
  shorttitle = {The Pragmatic Programmer},
  author = {Hunt, Andrew and Thomas, David},
  year = {2000},
  publisher = {Addison-Wesley},
  address = {Reading, Massachusetts},
  isbn = {978-0-201-61622-4},
  lccn = {QA76.6 .H857 2000},
  keywords = {Computer programming}
}
